
@article{bargh1980,
	title = {On the cognitive benefits of teaching},
	author = {{Bargh}, {John A.} and {Schul}, {Yaacov}},
	year = {1980},
	date = {1980},
	journal = {Journal of Educational Psychology},
	pages = {593{\textendash}604},
	volume = {72},
	number = {5},
	doi = {10.1037/0022-0663.72.5.593}
}

@article{benware1984,
	title = {Quality of learning with an active versus passive motivational set},
	author = {{Benware}, {Carl A.} and {Deci}, {Edward L.}},
	year = {1984},
	date = {1984},
	journal = {American Educational Research Journal},
	pages = {755{\textendash}765},
	volume = {21},
	number = {4},
	doi = {10.2307/1162999}
}

@article{nestojko2014,
	title = {Expecting to teach enhances learning and organization of knowledge in free recall of text passages},
	author = {{Nestojko}, {John F.} and {Bui}, {Dung C.} and {Kornell}, {Nate} and {Bjork}, {Elizabeth Ligon}},
	year = {2014},
	month = {10},
	date = {2014-10},
	journal = {Memory & Cognition},
	pages = {1038{\textendash}1048},
	volume = {42},
	number = {7},
	doi = {10.3758/s13421-014-0416-z},
	url = {https://doi.org/10.3758/s13421-014-0416-z},
	langid = {en}
}

@article{ehly1987,
	title = {The benefits of tutoring: An exploration of expectancy and outcomes},
	author = {{Ehly}, {Stewart W.} and {Keith}, {Timothy Z.} and {Bratton}, {Barry}},
	year = {1987},
	date = {1987},
	journal = {Contemporary Educational Psychology},
	pages = {131{\textendash}134},
	volume = {12},
	number = {2},
	doi = {10.1016/S0361-476X(87)80046-2}
}

@article{fiorella2013,
  title={The relative benefits of learning by teaching and teaching expectancy},
  author={{Fiorella}, {Logan} and {Mayer}, {Richard E.}},
  journal={Contemporary Educational Psychology},
  volume={38},
  number={4},
  pages={281--288},
  year={2013},
  doi = {10.1016/j.cedpsych.2013.06.001},
  publisher={Elsevier}
}

@article{daou2016,
	title = {Expecting to Teach Enhances Learning: Evidence From a Motor Learning Paradigm},
	author = {{Daou}, {Marcos} and {Buchanan}, {Taylor L.} and {Lindsey}, {Kyle R.} and {Lohse}, {Keith R.} and {Miller}, {Matthew W.}},
	year = {2016},
	month = {12},
	date = {2016-12},
	journal = {Journal of Motor Learning and Development},
	pages = {197{\textendash}207},
	volume = {4},
	number = {2},
	doi = {10.1123/jmld.2015-0036},
	url = {http://journals.humankinetics.com/view/journals/jmld/4/2/article-p197.xml},
	langid = {en{\_}US}
}

@article{daou2016a,
	title = {Expecting to teach enhances motor learning and information processing during practice},
	author = {{Daou}, {Marcos} and {Lohse}, {Keith R.} and {Miller}, {Matthew W.}},
	year = {2016},
	month = {10},
	date = {2016-10},
	journal = {Human Movement Science},
	pages = {336--345},
	volume = {49},
	doi = {10.1016/j.humov.2016.08.009},
	url = {http://dx.doi.org/10.1016/j.humov.2016.08.009},
	langid = {en}
}

@article{daou2018,
	title = {Does practicing a skill with the expectation of teaching alter motor preparatory cortical dynamics?},
	author = {{Daou}, {Marcos} and {Lohse}, {Keith R.} and {Miller}, {Matthew W.}},
	year = {2018},
	month = {05},
	date = {2018-05},
	journal = {International Journal of Psychophysiology},
	pages = {1{\textendash}10},
	volume = {127},
	doi = {10.1016/j.ijpsycho.2018.02.013},
	url = {https://www.sciencedirect.com/science/article/pii/S0167876017306256},
	langid = {en}
}

@article{daou2019,
	title = {Learning a skill with the expectation of teaching it impairs the skill{\textquoteright}s execution under psychological pressure.},
	author = {{Daou}, {Marcos} and {Hutchison}, {Zach} and {Bacelar}, {Mariane} and {Rhoads}, {Jence A.} and {Lohse}, {Keith R.} and {Miller}, {Matthew W.}},
	year = {2019},
	month = {06},
	date = {2019-06},
	journal = {Journal of Experimental Psychology: Applied},
	pages = {219--229},
	volume = {25},
	number = {2},
	doi = {10.1037/xap0000191},
	url = {http://dx.doi.org/10.1037/xap0000191},
	langid = {en}
}

@article{daou2019a,
	title = {Does limiting pre-movement time during practice eliminate the benefit of practicing while expecting to teach?},
	author = {{Daou}, {Marcos} and {Rhoads}, {Jence A.} and {Jacobs}, {Taylor} and {Lohse}, {Keith R.} and {Miller}, {Matthew W.}},
	year = {2019},
	month = {04},
	date = {2019-04},
	journal = {Human Movement Science},
	pages = {153--163},
	volume = {64},
	doi = {10.1016/j.humov.2018.11.017},
	url = {http://dx.doi.org/10.1016/j.humov.2018.11.017},
	langid = {en}
}

@article{rhoads2019,
	title = {The Effects of Expecting to Teach and Actually Teaching on Motor Learning},
	author = {{Rhoads}, {Jence A.} and {Daou}, {Marcos} and {Lohse}, {Keith R.} and {Miller}, {Matthew W.}},
	year = {2019},
	month = {04},
	date = {2019-04},
	journal = {Journal of Motor Learning and Development},
	pages = {84{\textendash}105},
	volume = {7},
	number = {1},
	doi = {10.1123/jmld.2017-0052},
	url = {http://journals.humankinetics.com/view/journals/jmld/7/1/article-p84.xml},
	langid = {en{\_}US}
}

@article{lohse2016,
	title = {Underpowered and Overworked: Problems With Data Analysis in Motor Learning Studies},
	author = {{Lohse}, {Keith} and {Buchanan}, {Taylor} and {Miller}, {Matthew}},
	year = {2016},
	month = {06},
	date = {2016-06-01},
	journal = {Journal of Motor Learning and Development},
	pages = {37--58},
	volume = {4},
	number = {1},
	doi = {10.1123/jmld.2015-0010},
	url = {http://journals.humankinetics.com/view/journals/jmld/4/1/article-p37.xml},
	note = {Publisher: Human Kinetics, Inc.
Section: Journal of Motor Learning and Development},
	langid = {en{\_}US}
}

@article{collaboration2015,
	title = {Estimating the reproducibility of psychological science},
	author = {{Open Science Collaboration}},
	year = {2015},
	month = {08},
	date = {2015-08},
	journal = {Science},
	volume = {349},
	number = {6251},
	doi = {10.1126/science.aac4716},
	url = {http://science.sciencemag.org/content/349/6251/aac4716},
	note = {PMID: 26315443},
	langid = {en}
}

@article{makel2012,
	title = {Replications in Psychology Research: How Often Do They Really Occur?},
	author = {{Makel}, {Matthew C.} and {Plucker}, {Jonathan A.} and {Hegarty}, {Boyd}},
	year = {2012},
	month = {11},
	date = {2012-11},
	journal = {Perspectives on Psychological Science: A Journal of the Association for Psychological Science},
	pages = {537{\textendash}542},
	volume = {7},
	number = {6},
	doi = {10.1177/1745691612460688},
	note = {PMID: 26168110},
	langid = {eng}
}

@article{kantak2012,
	title = {Learning{\textendash}performance distinction and memory processes for motor skills: A focused review and perspective},
	author = {{Kantak}, {Shailesh S.} and {Winstein}, {Carolee J.}},
	year = {2012},
	month = {03},
	date = {2012-03},
	journal = {Behavioural Brain Research},
	pages = {219{\textendash}231},
	volume = {228},
	number = {1},
	doi = {10.1016/j.bbr.2011.11.028},
	url = {https://www.sciencedirect.com/science/article/pii/S0166432811008278},
	langid = {en}
}

@article{kantak2010,
	title = {Neural substrates of motor memory consolidation depend on practice structure},
	author = {{Kantak}, {Shailesh S.} and {Sullivan}, {Katherine J.} and {Fisher}, {Beth E.} and {Knowlton}, {Barbara J.} and {Winstein}, {Carolee J.}},
	year = {2010},
	month = {08},
	date = {2010-08},
	journal = {Nature Neuroscience},
	pages = {923{\textendash}925},
	volume = {13},
	number = {8},
	doi = {10.1038/nn.2596},
	url = {http://www.nature.com/articles/nn.2596},
	langid = {en}
}

@article{tanaka2010,
	title = {Differential Contribution of the Supplementary Motor Area to Stabilization of a Procedural Motor Skill Acquired through Different Practice Schedules},
	author = {{Tanaka}, {Satoshi} and {Honda}, {Manabu} and {Hanakawa}, {Takashi} and {Cohen}, {Leonardo G.}},
	year = {2010},
	month = {09},
	date = {2010-09},
	journal = {Cerebral Cortex (New York, NY)},
	pages = {2114{\textendash}2121},
	volume = {20},
	number = {9},
	doi = {10.1093/cercor/bhp276},
	url = {https://www.ncbi.nlm.nih.gov/pmc/articles/PMC2923213/},
	note = {PMID: 20038545
PMCID: PMC2923213}
}

@techreport{simmons2012,
	title = {A 21 Word Solution},
	author = {{Simmons}, {Joseph P.} and {Nelson}, {Leif D.} and {Simonsohn}, {Uri}},
	year = {2012},
	month = {10},
	date = {2012-10-14},
	doi = {10.2139/ssrn.2160588},
	url = {https://papers.ssrn.com/abstract=2160588},
	note = {DOI: 10.2139/ssrn.2160588},
	address = {Rochester, NY}
}

@article{simonsohn2015,
	title = {Small telescopes: Detectability and the evaluation of replication results},
	author = {{Simonsohn}, {Uri}},
	year = {2015},
	date = {2015},
	journal = {Psychological Science},
	pages = {559{\textendash}569},
	volume = {26},
	number = {5},
	doi = {10.1177/0956797614567341}
}

@techreport{lakens2021,
	title = {Group Sequential Designs: A Tutorial},
	author = {{Lakens}, {Daniel} and {Pahlke}, {Friedrich} and {Wassmer}, {Gernot}},
	year = {2021},
	month = {01},
	date = {2021-01},
	doi = {10.31234/osf.io/x4azm},
	url = {https://psyarxiv.com/x4azm/},
	note = {DOI: 10.31234/osf.io/x4azm}
}

@article{neumann2008,
	title = {A camera-based scoring system for evaluating performance accuracy during a golf putting task},
	author = {{Neumann}, {David L.} and {Thomas}, {Patrick R.}},
	year = {2008},
	month = {08},
	date = {2008-08},
	journal = {Behavior Research Methods},
	pages = {892{\textendash}897},
	volume = {40},
	number = {3},
	doi = {10.3758/BRM.40.3.892},
	url = {https://doi.org/10.3758/BRM.40.3.892},
	langid = {en}
}

@article{lin1989,
	title = {A Concordance Correlation Coefficient to Evaluate Reproducibility},
	author = {{Lin}, {Lawrence I-Kuei}},
	year = {1989},
	date = {1989},
	journal = {Biometrics},
	pages = {255{\textendash}268},
	volume = {45},
	number = {1},
	doi = {10.2307/2532051},
	url = {https://www.jstor.org/stable/2532051}
}

@article{mcauley1989,
	title = {Psychometric properties of the Intrinsic Motivation Inventory in a competitive sport setting: a confirmatory factor analysis},
	author = {{McAuley}, {E.} and {Duncan}, {T.} and {Tammen}, {V. V.}},
	year = {1989},
	month = {03},
	date = {1989-03},
	journal = {Research Quarterly for Exercise and Sport},
	pages = {48{\textendash}58},
	volume = {60},
	number = {1},
	doi = {10.1080/02701367.1989.10607413},
	note = {PMID: 2489825},
	langid = {eng}
}

@article{hancock1995,
	title = {On the problem of two-dimensional error scores: Measures and analyses of accuracy, bias, and consistency},
	author = {{Hancock}, {Gregory R.} and {Butler}, {Michael S.} and {Fischman}, {Mark G.}},
	year = {1995},
	date = {1995},
	journal = {Journal of Motor Behavior},
	pages = {241{\textendash}250},
	volume = {27},
	number = {3},
	doi = {10.1080/00222895.1995.9941714}
}

@article{lakens2017,
	title = {Equivalence Testing With TOSTER},
	author = {{Lakens}, {Daniel}},
	year = {2017},
	month = {02},
	date = {2017-02},
	journal = {APS Observer},
	volume = {30},
	number = {3},
	url = {http://www.psychologicalscience.org/observer/equivalence-testing-with-toster},
	langid = {canadian}
}

@article{renkl1995,
  title={Learning for later teaching: An exploration of mediational links between teaching expectancy and learning results},
  author={{Renkl}, {Alexander}},
  journal={Learning and Instruction},
  volume={5},
  number={1},
  pages={21--36},
  year={1995},
  doi = {10.1016/0959-4752(94)00015-H},
  publisher={Elsevier}
}
